@article{toussaint,
  author={Godfried Toussaint},
  title={A New Look at {Euclid's} Second Proposition},
  journal={The Mathematical Intelligencer},
  volume=15,
  number=3,
  year=1993,
  pages={12--23},
}

@article{mm,
  author={Norbert Hungerb√ºhler},
  title={A short elementary proof of the {Mohr-Mascheroni} theorem},
  journal={American Mathematical Monthly},
  volume=101,
  number=8,
  year=1994,
  pages={784--787},
}

@book{roads,
  author={Edward C. Wallace and Stephen F. West},
  title={Roads to Geometry (Third Edition)},
  publisher={Pearson},
  year=2003,
}

@unpublished{rusty,
  author={Timothy Peil},
  title={The Rusty Compass Theorem},
  note={\url{http://web.mnstate.edu/peil/geometry/C2EuclidNonEuclid/1Compass.htm}},
}

@book{dorrie1,
  title={100 Problems of Elementary Mathematics: Their History and Solution},
  author={Heinrich D\"{o}rrie},
  publisher={Dover},
  year=1965,
}

@book{dorrie2,
  title={100 Problems of Elementary Mathematics: Their History and Solution},
  author={Heinrich D\"{o}rrie},
  year=2010,
  note={Newly reworked by Michael Woltermann. \url{http://www2.washjeff.edu/users/mwoltermann/Dorrie/DorrieContents.htm}},
}

  