@inproceedings{demir,
  author={Demir, \"{O}. and Heck, A.},
  year=2013,
  title={A new learning trajectory for trigonometric functions},
  booktitle={Proceedings of the eleventh International Conference on Technology in Mathematics Teaching},
  pages={119--124},
}

@article{moore,
  author={Moore, K. C.},
  year=2012,
  title={Coherence, quantitative reasoning, and the trigonometry of students},
  journal={Quantitative reasoning and mathematical modeling: A driver for STEM integrated education and teaching in context},
  volume=2,
  pages={75--92.},
}

@inproceedings{thompson,
  author={Thompson, P. W.},
  year=2008,
  title={Conceptual analysis of mathematical ideas: Some spadework at the foundations of mathematics education},
  booktitle={Proceedings of the annual meeting of the International Group for the Psychology of Mathematics Education},
  pages={31--49},
}

@article{josevich,
  author={Josevich, P.},
  year=2016,
  title={Trigonometric derivatives made easy},
  journal={The College Mathematics Journal},
  volume=47,
  number=5,
  pages={365--366},
}
