@article{toussaint,
  author={Godfried Toussaint},
  title={A New Look at {Euclid's} Second Proposition},
  journal={The Mathematical Intelligencer},
  volume=15,
  number=3,
  year=1993,
  pages={12--23},
}

@article{mm,
  author={Norbert Hungerbühler},
  title={A short elementary proof of the {Mohr-Mascheroni} theorem},
  journal={American Mathematical Monthly},
  volume=101,
  number=8,
  year=1994,
  pages={784--787},
}

@book{roads,
  author={Edward C. Wallace and Stephen F. West},
  title={Roads to Geometry (Third Edition)},
  publisher={Pearson},
  year=2003,
}

@unpublished{rusty,
  author={Timothy Peil},
  title={The Rusty Compass Theorem},
  note={\url{http://web.mnstate.edu/peil/geometry/C2EuclidNonEuclid/1Compass.htm}},
}

@book{dorrie1,
  title={100 Problems of Elementary Mathematics: Their History and Solution},
  author={Heinrich D\"{o}rrie},
  publisher={Dover},
  year=1965,
}

@unpublished{dorrie2,
  title={100 Problems of Elementary Mathematics: Their History and Solution},
  author={Heinrich D\"{o}rrie},
  year=2010,
  note={Newly reworked by Michael Woltermann. \url{http://www2.washjeff.edu/users/mwoltermann/Dorrie/DorrieContents.htm}},
}

@book{stopel,
  title={\R{ בניות גיאומטריות: בעיות קלאסיות, אתגריות וממוחשבות}},
  editor={\R{משה סטופל, קלרה זיסקין}},
  publisher={\R{הוצאת שאנן}},
  year=2015,
}

@book{kanigel,
  author={Robert Kanigel},
  title={The Man Who Knew Infinity: A Life of the Genius Ramanujan},
  publisher={Schribner's},
  year=1991,
}

@article{ramanujan,
  author={Ramanujan},
  title={Squaring the Circle},
  journal={Journal of the Indian Mathematical Society},
  year=1913,
  pages=13,
  note={\url{http://ramanujan.sirinudi.org/Volumes/published/ram05.pdf}},
}

@article{marita,
  author={Marita Barabash}, 
  title={A non-visual counterexample in elementary geometry},
  journal={The College Mathematics Journal},
  volume=36,
  number=5,
  year=2005,
}

@unpublished{heron,
  author={William McCallum},
 title={A tale of two triangles: Heron triangles and elliptic curves},
  year=2012,
  note={\url{http://blog.kleinproject.org/?p=4}},
}
