@article{thomas,
  author={Robin Thomas},
  title={An Update on the Four-Color Theorem},
  journal={Notices of the AMS},
  volume={45},
  number={7},
  pages={848--859},
  year=1998,
  note={\url{http://www.ams.org/notices/199807/thomas.pdf}}},
}

@book{thebook,
  title={Proofs from {THE BOOK} (Fifth Edition)},
  author={Martin Aigner and G\"{u}nter M. Ziegler},
  publisher={Springer},
  year=2014,
  note={Chapters 13 and 38},
}

 @misc{ enwiki:1014419511,
    author = "{Wikipedia contributors}",
    title = "Four color theorem --- {Wikipedia}{,} The Free Encyclopedia",
    year = "2021",
    howpublished = "\url{https://en.wikipedia.org/w/index.php?title=Four_color_theorem&oldid=1014419511}",
  }

@misc{ enwiki:985970799,
    author = "{Wikipedia contributors}",
    title = "Five color theorem --- {Wikipedia}{,} The Free Encyclopedia",
    year = "2020",
    howpublished = "\url{https://en.wikipedia.org/w/index.php?title=Five_color_theorem&oldid=985970799}",
  }
    
@misc{eppstein,
  author={David Eppstein},
  title={Twenty Proofs of {Euler's} Formula: {$V-E+F=2$}},
  howpublished={\url{https://www.ics.uci.edu/~eppstein/junkyard/euler/}},
  }

@article{sipka,
 note  = {\url{http://www.jstor.org/stable/25678395}},
 author = {Timothy Sipka},
 journal = {Math Horizons},
 number = {2},
 pages = {21--26},
 title = {Alfred {Bray Kempe's} {``Proof''} of the Four-Color Theorem},
 volume = {10},
 year = {2002}
}

