@article{callagy,
  author={James J. Callagy},
  title={The central angle of the regular 17-gon},
  journal={The Mathematical Gazette},
  volume={67},
  number={442},
  pages={290--292},
  year=1983,
  note={\url{https://www.jstor.org/stable/3617271}},
}

@book{jorg,
  title={Galois Theory for Beginners: A Historical Perspective (Second Edition)},
  author={J\"{o}rg Bewersdorff},
  publisher={American Mathematical Society},
  year=2019,
}

@book{surprises,
  author={Mordechai Ben-Ari},
  title={Mathematical Surprises},
  publisher={Springer},
  year=2020,
  note={Open access from: \url{https://link.springer.com/book/10.1007/978-3-031-13566-8}},
}