@article{callagy,
  author={James J. Callagy},
  title={The central angle of the regular 17-gon},
  journal={The Mathematical Gazette},
  volume={67},
  number={442},
  pages={290--292},
  year=1983,
  note={\url{https://wwww.jstor.org/stable/3617271}}},
}

@book{jorg,
  title={Galois Theory for Beginners: A Historical Perspective},
  author={J\"{o}rg Bewersdorff},
  publisher={American Mathematical Society},
  year=2006,
}

@article{nishiyama,
  author={Yukata Nishiyama},
  title={Gauss' method of constructing a regular heptadecagon},
  journal={International Journal of Pure and Applied Mathematics},
  volume=82,
  number=5,
  year=2003,
  pages={695--707},
}

@book{martin,
  author={George E. Martin},
  title={Geometric Constructions},
  publisher={Springer},
  year=1998,
  }

@misc{rike,
  author={Tom Rike},
  title={Fermat Numbers and the Heptadecagon},
  year=2005,
  note={\url{https://mathcircle.berkeley.edu/sites/default/files/BMC6/ps0506/Heptadecagon.pdf}},
}

@misc{wiki:heptadecagon,
    author = "{Wikipedia contributors}",
    title = "Heptadecagon --- {Wikipedia}{,} The Free Encyclopedia",
    year = "2020",
    howpublished = "\url{https://en.wikipedia.org/w/index.php?title=Heptadecagon&oldid=975964212}",
    note = "[Online; accessed 23-October-2020]"
 }

@misc{wiki:bisector,
    author = "{Wikipedia contributors}",
    title = "Angle bisector theorem --- {Wikipedia}{,} The Free Encyclopedia",
    year = "2020",
    howpublished = "\url{https://en.wikipedia.org/w/index.php?title=Angle_bisector_theorem&oldid=984147660}",
    note = "[Online; accessed 23-October-2020]"
  }
  
@misc{wiki:pentagon,
    author = "{Wikipedia contributors}",
    title = "Pentagon --- {Wikipedia}{,} The Free Encyclopedia",
    year = "2020",
    howpublished={\url{https://en.wikipedia.org/w/index.php?title=Pentagon&oldid=983136827}},
     note = "[Online; accessed 23-October-2020]"
  }

@misc{lo,
  author={Po-Shen Lo},
  title={A Different Way to Solve Quadratic Equations},
  year=2019,
  note={\url{https://www.poshenloh.com/quadratic/}},
}

