@misc{hh,
    author = "{Wikipedia contributors}",
    title = "Huzitaâ€“Hatori axioms --- {Wikipedia}{,} The Free Encyclopedia",
    year = "2020",
    howpublished = "\url{https://en.wikipedia.org/w/index.php?title=Huzita%E2%80%93Hatori_axioms&oldid=934987320}",
    note = "[Online; accessed 17-February-2020]"
  }

@book{martin,
  author={George E. Martin},
  title={Geometric Constructions},
  publisher={Springer},
  year=1998,
  }

