
@article{hull-beloch,
author = {Hull, Thomas C.},
year = {2011},
pages = {307-315},
title = {Solving Cubics With Creases: The Work of {Beloch} and {Lill}},
volume = {118},
journal = {American Mathematical Monthly},
}

@article{riaz,
  author={M. Riaz},
  title={Geometric solutions of algebraic equations},
  journal={American Mathematical Monthly},
  volume=69,
  year=1962,
  number=7,
  pages={654--658},
}

@misc{bradford,
  author={Phillips Verner Bradford},
  title={Visualizing solutions to n-th degree algebraic equations using right-angle geometric paths},
  year=2010,
  howpublished={Archived May 2, 2010, at the Wayback Machine, \url{https://web.archive.org/web/20100502013959/http://www.concentric.net/~pvb/ALG/rightpaths.html}},
}

@misc{moti-origami,
  author={Moti Ben-Ari},
  title={The Mathematics of Origami},
  year=2020,
  howpublished={\url{https://www.weizmann.ac.il/sci-tea/benari/mathematics}, accessed 7 March 2020},
}