@misc{lang,
  title={Origami and Geometric Constructions},
  author={Robert J. Lang},
  year={1996-–2015},
  howpublished={\url{http://langorigami.com/wp-content/uploads/2015/09/origami_constructions.pdf}},
  note={Accessed 26/02/2020},
}

@misc{hh,
    author = {{Wikipedia contributors}},
    title = {{Huzita}–{Hatori} axioms --- {Wikipedia}{,} The Free Encyclopedia},
    year = 2020,
    howpublished = {\url{https://en.wikipedia.org/w/index.php?title=Huzita%E2%80%93Hatori_axioms&oldid=934987320}},
  note={Accessed 26/02/2020},
  }

@book{martin,
  author={George E. Martin},
  title={Geometric Constructions},
  publisher={Springer},
  year=1998,
  }

@misc{newton,
  author={Liz Newton},
  title={The Power of Origami},
  howpublished={\url{https://plus.maths.org/content/power-origami}},
  note={Accessed 26/02/2020},
}

@misc{oriah,
  author={Oriah Ben-Lulu},
  title={Angle Trisections in Various Axiom Systems},
  year=2020,
  howpublished={Weizmann Institute of Science},
  note={(in Hebrew)},
}

@mastersthesis{hwa,
  author={Hwa Young Lee},
  title={Origami-Constructible Numbers},
  school={University of Georgia},
  year=2017,
}

@article{hull-beloch,
author = {Hull, Thomas C.},
year = {2011},
pages = {307-315},
title = {Solving Cubics With Creases: The Work of {Beloch} and {Lill}},
volume = {118},
journal = {American Mathematical Monthly},
}

@book{geometry,
  title={Geometry},
  author={Ann Xavier Gantert},
  year=2008,
  publisher={Perfection Learning},
  }
