@article{alperin,
  author = {Roger C. Alperin},
  year = {2000},
  pages = {119--133},
  title = {A mathematical theory of origami constructions and numbers},
  volume = {6},
  journal = {New York Journal of Mathematics},
}

@misc{lang,
  title={Origami and Geometric Constructions},
  author={Robert J. Lang},
  year={1996-–2015},
  howpublished={\url{http://langorigami.com/wp-content/uploads/2015/09/origami_constructions.pdf}},
  note={Accessed 26/02/2020},
}

@misc{hh,
    author = {{Wikipedia contributors}},
    title = {{Huzita}–{Hatori} axioms --- {Wikipedia}{,} The Free Encyclopedia},
    year = 2020,
    howpublished = {\url{https://en.wikipedia.org/w/index.php?title=Huzita%E2%80%93Hatori_axioms&oldid=934987320}},
  note={Accessed 26/02/2020},
  }

@misc{newton,
  author={Liz Newton},
  title={The Power of Origami},
  howpublished={\url{https://plus.maths.org/content/power-origami}},
  note={Accessed 26/02/2020},
}

@misc{history,
  author={Koshiro Hatori},
  title={History of Origami},
  year={n.d.},
  howpublished={\url{https://origami.ousaan.com/library/historye.html}},
}

@misc{moti-origami,
  author={Moti Ben-Ari},
  title={The Mathematics of Origami},
  year=2020,
  howpublished={\url{https://www.weizmann.ac.il/sci-tea/benari/mathematics#origami}},
}

@misc{lang-ted,
  author={Robert Lang},
  title={The Math and Magic of Origami},
  year=2008,
  howpublished={\url{https://www.ted.com/talks/robert_lang_the_math_and_magic_of_origami}},
}
